
@article{dong2016image,
  title={Image super-resolution using deep convolutional networks},
  author={Dong, Chao and Loy, Chen Change and He, Kaiming and Tang, Xiaoou},
  journal={IEEE transactions on pattern analysis and machine intelligence},
  volume={38},
  number={2},
  pages={295--307},
  year={2016},
  publisher={IEEE}
}


@article{yang2016deep,
  title={Deep Edge Guided Recurrent Residual Learning for Image Super-Resolution},
  author={Yang, Wenhan and Feng, Jiashi and Yang, Jianchao and Zhao, Fang and Liu, Jiaying and Guo, Zongming and Yan, Shuicheng},
  journal={arXiv preprint arXiv:1604.08671},
  year={2016}
}


@article{zeng2017coupled,
  title={Coupled deep autoencoder for single image super-resolution},
  author={Zeng, Kun and Yu, Jun and Wang, Ruxin and Li, Cuihua and Tao, Dacheng},
  journal={IEEE transactions on cybernetics},
  volume={47},
  number={1},
  pages={27--37},
  year={2017},
  publisher={IEEE}
}

@inproceedings{cui2014deep,
  title={Deep network cascade for image super-resolution},
  author={Cui, Zhen and Chang, Hong and Shan, Shiguang and Zhong, Bineng and Chen, Xilin},
  booktitle={European Conference on Computer Vision},
  pages={49--64},
  year={2014},
  organization={Springer}
}


@inproceedings{kim2016deeply,
  title={Deeply-recursive convolutional network for image super-resolution},
  author={Kim, Jiwon and Kwon Lee, Jung and Mu Lee, Kyoung},
  booktitle={Proceedings of the IEEE Conference on Computer Vision and Pattern Recognition},
  pages={1637--1645},
  year={2016}
}

@article{set5,
  title={Low-complexity single-image super-resolution based on nonnegative neighbor embedding},
  author={Bevilacqua, Marco and Roumy, Aline and Guillemot, Christine and Alberi-Morel, Marie Line},
  year={2012},
  publisher={BMVA press}
}

@inproceedings{set14,
  title={On single image scale-up using sparse-representations},
  author={Zeyde, Roman and Elad, Michael and Protter, Matan},
  booktitle={International conference on curves and surfaces},
  pages={711--730},
  year={2010},
  organization={Springer}
}

@InProceedings{BSD100,
  author = {D. Martin and C. Fowlkes and D. Tal and J. Malik},
  title = {A Database of Human Segmented Natural Images and its
           Application to Evaluating Segmentation Algorithms and
           Measuring Ecological Statistics},
  booktitle = {Proc. 8th Int'l Conf. Computer Vision},
  year = {2001},
  month = {July},
  volume = {2},
  pages = {416--423}
}

@inproceedings{Urban100,
    author  = {Huang, Jia-Bin and Singh, Abhishek and Ahuja, Narendra},
    title   = {Single Image Super-Resolution from Transformed Self-Exemplars},
    booktitle = {IEEE Conference on Computer Vision and Pattern Recognition)},
    year    = {2015},
    volume  = {},
    number  = {},
    pages   = {}
}